@article{knuth84,
  author = {Knuth, Donald E.},
  title = {Literate Programming},
  year = {1984},
  issue_date = {May 1984},
  publisher = {Oxford University Press, Inc.},
  address = {USA},
  volume = {27},
  number = {2},
  issn = {0010-4620},
  url = {https://doi.org/10.1093/comjnl/27.2.97},
  doi = {10.1093/comjnl/27.2.97},
  journal = {Comput. J.},
  month = may,
  pages = {97â€“111},
  numpages = {15}
}



@inproceedings{clark1993,
	title = {The effect of recruitment variability on the choice of a target level of spawning biomass per recruit},
	author = {Clark, W. G.},
	year = {1993},
	date = {1993},
	publisher = {Alaska Sea Grant College Program AK{\textendash}SG{\textendash}93{\textendash}02},
	pages = {233{\textendash}246}
}

@techreport{ansley1981,
	title = {Migration and standing stock of fishes associated with artificial and natural reefs on Georgia{\textquoteright}s outer continental shelf},
	author = {Ansley, H. L. H. and Davis, C. D.},
	year = {1981},
	date = {1981},
	pages = {38},
	address = {Brunswick, Georgia, USA}
}

@inbook{collins1996,
	title = {Age validation, movements, and growth rates of tagged gag (Mycteroperca microlepis), black sea bass (Centropristis striata) and red porgy (Pagrus pagrus)},
	author = {Collins, M. R. and Sant, S. B. Van and Schmidt, D. J. and Sedberry, G. R.},
	editor = {Arrequin-Sanchez, F. and Munro, J. L. and Balgos, M. C. and Pauly, D.},
	year = {1996},
	date = {1996},
	publisher = {ICLARM (International Center for Living Aquatic Resources Management)},
	pages = {161--165},
	address = {Makati City, Philippines}
}

@techreport{deuel1968,
	title = {The 1965 Salt-Water Angling Survey},
	author = {Deuel, D. G. and Clark, J. R.},
	year = {1968},
	date = {1968},
	pages = {51}
}

@techreport{hardy1978,
	title = {Development of Fishes of the Mid-Atlantic Bight. Vol. III. Aphredoderidae through Rachycentridae.},
	author = {Hardy, {J. D., Jr.}},
	year = {1978},
	date = {1978}
}
